% Encoding: UTF-8

@InProceedings{rL11,
  author    = {R. R. Larson and K. Janakiraman},
  title     = {Connecting Archival Collections: The Social Networks and Archival Context Project},
  booktitle = {Research and Advanced Technology for Digital Libraries, TPDL 2011},
  year      = {2011},
  pages     = {3--14},
  doi       = {10.1007/978-3-642-24469-8_3},
}

@InProceedings{cB16,
  author    = {C. Bo and K. Wang and J. J. Fox and K. Skadron},
  title     = {Entity Resolution Acceleration using Micronâ€™s Automata Processor},
  booktitle = {Proceedings of the 2016 IEEE International Conference on Big Data (BigData)},
  year      = {2016},
  pages     = {1--8},
  month     = {Dec},
}

@Article{dP2014,
  author  = {D. Pitti and R. Hu and R. Larson and B. Tingle and A. Turner},
  title   = {Social Networks and Archival Context: From Project to Cooperative Archival Program},
  journal = {Journal of Archival Organization},
  year    = {2014},
  volume  = {12},
  number  = {1--2},
  pages   = {77--97},
  doi     = {10.1080/15332748.2015.999544},
}

@Book{aD12,
  title     = {Principles of Data Integration},
  publisher = {Morgan Kaufmann},
  year      = {2012},
  author    = {A. Doan and A. Halevy and Z. Ives},
}

@Article{bH12,
  author  = {B. Hachey and W. Radford and J. Nothman and M. Honnibal and J. R. Curran},
  title   = {Evaluating Entity Linking with Wikipedia},
  journal = {Artificial Intelligence},
  year    = {2013},
  volume  = {194},
  pages   = {130--150},
  doi     = {10.1016/j.artint.2012.04.005},
}

@Article{mT13,
  author  = {M. Teets and M. Goldner},
  title   = {Libraries' Role in Curating and Exposing Big Data},
  journal = {Future Internet},
  year    = {2013},
  volume  = {5},
  pages   = {429--438},
  doi     = {10.3390/fi5030429},
}

@Article{kF12,
  author  = {K. M. Ford},
  title   = {LC's Bibliographic Framework Initiative and the Attractiveness of Linked Data},
  journal = {ISQ: Information Standards Quarterly},
  year    = {2012},
  volume  = {24},
  number  = {2/3},
  pages   = {46--50},
  issn    = {1041-0031},
}

@Article{hE15,
  author  = {H. Ekbia},
  title   = {Big Data, Bigger Dilemmas: A Critical Review},
  journal = {Journal of the Association for Information Science and Technology},
  year    = {2015},
  volume  = {66},
  number  = {8},
  pages   = {1523--1545},
}

@Misc{rT02,
  author  = {R. Tennant},
  title   = {MARC Must Die},
  month   = {Oct},
  year    = {2002},
  journal = {Library Journal},
  url     = {http://lj.libraryjournal.com/2002/10/ljarchives/marc-must-die/},
  note    = {accessed 2017},
}

@Article{tH14,
  author  = {T. B. Hickey and J. A. Toves},
  title   = {Managing Ambiguity in VIAF},
  journal = {D-Lib Magazine},
  year    = {2014},
  volume  = {20},
  number  = {7/8},
  pages   = {1--12},
}

@InProceedings{bP13,
  author    = {B. Plale and R. McDonald and Y. Sun and I. Kouper and R. Cobine and J. S. Downie and B. Sandore Namachchivaya and J. Unsworth},
  title     = {HathiTrust Research Center: Computational Access for Digital Humanities Research and Beyond},
  booktitle = {JCDL'13},
  year      = {2013},
  month     = {Jul},
}

@InProceedings{jZ14,
  author    = {J. Zeng and G. Ruan and A. Crowell and A. Prakash and B. Plale},
  title     = {Cloud Computing Data Capsules for Non-Consumptive Use of Texts},
  booktitle = {ScienceCloud 2014},
  year      = {2014},
  month     = {Jun},
}

@Article{hC10,
  author  = {H. Christenson},
  title   = {HathiTrust: A Research Library at Web Scale},
  journal = {LRTS},
  year    = {2010},
  volume  = {55},
  number  = {2},
  pages   = {93--102},
}

@Misc{hT17,
  author = {A. Kinnaman and E. Dickson},
  title  = {HTRC Docs: Extracted Features Dataset},
  month  = {Sep},
  year   = {2017},
  url    = {https://wiki.htrc.illinois.edu/display/COM/Extracted+Features+Dataset},
  note    = {accessed 2017},
}

@Comment{jabref-meta: databaseType:bibtex;}
